<record><leader>00000cas a2200000 a 4500</leader><controlfield tag="001">10816350</controlfield><controlfield tag="008">840607d18731933vtuwr ne      0    0eng d</controlfield><datafield ind1=" " ind2=" " tag="010"><subfield code="a">sn 84023233 </subfield></datafield><datafield ind1=" " ind2=" " tag="040"><subfield code="a">AQM</subfield><subfield code="b">eng</subfield><subfield code="c">AQM</subfield><subfield code="d">NPX</subfield><subfield code="d">DLC</subfield><subfield code="d">CNK</subfield><subfield code="d">NVN</subfield><subfield code="d">OCLCQ</subfield><subfield code="d">OCLCF</subfield><subfield code="d">OCLCO</subfield></datafield><datafield ind1="1" ind2=" " tag="029"><subfield code="a">AU@</subfield><subfield code="b">000024693503</subfield></datafield><datafield ind1=" " ind2=" " tag="042"><subfield code="a">msc</subfield></datafield><datafield ind1=" " ind2=" " tag="043"><subfield code="a">n-us-vt</subfield></datafield><datafield ind1="0" ind2="0" tag="050"><subfield code="a">Newspaper 9952-X</subfield></datafield><datafield ind1="0" ind2="4" tag="245"><subfield code="a">The Poultney journal.</subfield></datafield><datafield ind1=" " ind2=" " tag="260"><subfield code="a">Poultney, Vt. :</subfield><subfield code="b">H.J. Humphrey</subfield></datafield><datafield ind1=" " ind2=" " tag="300"><subfield code="a">v. :</subfield><subfield code="b">ill. (chiefly advertisements) ;</subfield><subfield code="c">61 cm.</subfield></datafield><datafield ind1=" " ind2=" " tag="310"><subfield code="a">Weekly</subfield></datafield><datafield ind1="1" ind2=" " tag="362"><subfield code="a">Began in Dec. 1873.</subfield><subfield code="z">Cf. Gregory, W. Amer. newspapers.</subfield></datafield><datafield ind1="0" ind2=" " tag="362"><subfield code="a">-v. 59, no. 13 (Mar. 11, 1933).</subfield></datafield><datafield ind1=" " ind2=" " tag="500"><subfield code="a">Publishers: Frisbie &amp; Nagles; Frisbie &amp; Ross; Potter &amp; Ross.</subfield></datafield><datafield ind1=" " ind2=" " tag="580"><subfield code="a">Formed by the union of: Poultney bulletin, and: Rutland County journal.</subfield></datafield><datafield ind1=" " ind2=" " tag="588"><subfield code="a">Description based on: Vol. 3, no. 147 (Oct. 6, 1876).</subfield></datafield><datafield ind1=" " ind2="0" tag="651"><subfield code="a">Poultney (Vt.)</subfield><subfield code="v">Newspapers.</subfield></datafield><datafield ind1=" " ind2="7" tag="655"><subfield code="a">Newspapers.</subfield><subfield code="2">fast</subfield><subfield code="0">(OCoLC)fst01423814</subfield></datafield><datafield ind1=" " ind2="7" tag="651"><subfield code="a">Vermont</subfield><subfield code="z">Poultney.</subfield><subfield code="2">fast</subfield><subfield code="0">(OCoLC)fst01223194</subfield></datafield><datafield ind1=" " ind2=" " tag="752"><subfield code="a">United States</subfield><subfield code="b">Vermont</subfield><subfield code="c">Rutland</subfield><subfield code="d">Poultney.</subfield></datafield><datafield ind1="1" ind2="4" tag="780"><subfield code="t">Rutland County journal</subfield><subfield code="w">(DLC)sn 84023231</subfield><subfield code="w">(OCoLC)10818804</subfield></datafield><datafield ind1="1" ind2="4" tag="780"><subfield code="t">Poultney bulletin</subfield><subfield code="w">(DLC)sn 84023232</subfield><subfield code="w">(OCoLC)2266394</subfield></datafield></record>